RegionName,StateName,Month,Sales
20001,DC,2008-06,84
20001,DC,2008-07,78
20001,DC,2008-08,81
20001,DC,2008-09,68
20001,DC,2008-10,54
20001,DC,2008-11,52
20001,DC,2008-12,54
20001,DC,2009-01,54
20001,DC,2009-02,35
20001,DC,2009-03,45
20001,DC,2009-04,68
20001,DC,2009-05,60
20001,DC,2009-06,85
20001,DC,2009-07,87
20001,DC,2009-08,81
20001,DC,2009-09,104
20001,DC,2009-10,56
20001,DC,2009-11,76
20001,DC,2009-12,68
20001,DC,2010-01,149
20001,DC,2010-02,35
20001,DC,2010-03,53
20001,DC,2010-04,72
20001,DC,2010-05,94
20001,DC,2010-06,77
20001,DC,2010-07,49
20001,DC,2010-08,75
20001,DC,2010-09,45
20001,DC,2010-10,41
20001,DC,2010-11,43
20001,DC,2010-12,41
20001,DC,2011-01,39
20001,DC,2011-02,36
20001,DC,2011-03,54
20001,DC,2011-04,38
20001,DC,2011-05,55
20001,DC,2011-06,48
20001,DC,2011-07,49
20001,DC,2011-08,51
20001,DC,2011-09,42
20001,DC,2011-10,44
20001,DC,2011-11,35
20001,DC,2011-12,49
20001,DC,2012-01,39
20001,DC,2012-02,39
20001,DC,2012-03,47
20001,DC,2012-04,43
20001,DC,2012-05,59
20001,DC,2012-06,66
20001,DC,2012-07,60
20001,DC,2012-08,62
20001,DC,2012-09,66
20001,DC,2012-10,62
20001,DC,2012-11,48
20001,DC,2012-12,62
20001,DC,2013-01,54
20001,DC,2013-02,53
20001,DC,2013-03,64
20001,DC,2013-04,59
20001,DC,2013-05,65
20001,DC,2013-06,87
20001,DC,2013-07,64
20001,DC,2013-08,66
20001,DC,2013-09,52
20001,DC,2013-10,54
20001,DC,2013-11,48
20001,DC,2013-12,60
20001,DC,2014-01,51
20001,DC,2014-02,63
20001,DC,2014-03,54
20001,DC,2014-04,76
20001,DC,2014-05,88
20001,DC,2014-06,68
20001,DC,2014-07,101
20001,DC,2014-08,58
20001,DC,2014-09,48
20001,DC,2014-10,58
20001,DC,2014-11,44
20001,DC,2014-12,55
20001,DC,2015-01,35
20001,DC,2015-02,31
20001,DC,2015-03,50
20001,DC,2015-04,74
20001,DC,2015-05,63
20001,DC,2015-06,81
20001,DC,2015-07,66
20001,DC,2015-08,60
20001,DC,2015-09,47
20001,DC,2015-10,58
20001,DC,2015-11,95
20001,DC,2015-12,53
20001,DC,2016-01,37
20001,DC,2016-02,38
20001,DC,2016-03,42
20001,DC,2016-04,38
20001,DC,2016-05,57
20001,DC,2016-06,44
20002,DC,2008-06,45
20002,DC,2008-07,65
20002,DC,2008-08,67
20002,DC,2008-09,63
20002,DC,2008-10,61
20002,DC,2008-11,36
20002,DC,2008-12,55
20002,DC,2009-01,37
20002,DC,2009-02,31
20002,DC,2009-03,48
20002,DC,2009-04,50
20002,DC,2009-05,50
20002,DC,2009-06,67
20002,DC,2009-07,71
20002,DC,2009-08,82
20002,DC,2009-09,68
20002,DC,2009-10,72
20002,DC,2009-11,73
20002,DC,2009-12,505
20002,DC,2010-01,483
20002,DC,2010-02,35
20002,DC,2010-03,75
20002,DC,2010-04,53
20002,DC,2010-05,82
20002,DC,2010-06,113
20002,DC,2010-07,488
20002,DC,2010-08,512
20002,DC,2010-09,63
20002,DC,2010-10,83
20002,DC,2010-11,63
20002,DC,2010-12,68
20002,DC,2011-01,45
20002,DC,2011-02,51
20002,DC,2011-03,65
20002,DC,2011-04,75
20002,DC,2011-05,98
20002,DC,2011-06,83
20002,DC,2011-07,68
20002,DC,2011-08,65
20002,DC,2011-09,65
20002,DC,2011-10,45
20002,DC,2011-11,58
20002,DC,2011-12,59
20002,DC,2012-01,66
20002,DC,2012-02,47
20002,DC,2012-03,59
20002,DC,2012-04,56
20002,DC,2012-05,74
20002,DC,2012-06,83
20002,DC,2012-07,81
20002,DC,2012-08,76
20002,DC,2012-09,71
20002,DC,2012-10,70
20002,DC,2012-11,59
20002,DC,2012-12,71
20002,DC,2013-01,79
20002,DC,2013-02,62
20002,DC,2013-03,75
20002,DC,2013-04,65
20002,DC,2013-05,94
20002,DC,2013-06,105
20002,DC,2013-07,114
20002,DC,2013-08,82
20002,DC,2013-09,49
20002,DC,2013-10,84
20002,DC,2013-11,71
20002,DC,2013-12,74
20002,DC,2014-01,61
20002,DC,2014-02,43
20002,DC,2014-03,80
20002,DC,2014-04,67
20002,DC,2014-05,86
20002,DC,2014-06,79
20002,DC,2014-07,96
20002,DC,2014-08,68
20002,DC,2014-09,44
20002,DC,2014-10,69
20002,DC,2014-11,82
20002,DC,2014-12,71
20002,DC,2015-01,43
20002,DC,2015-02,41
20002,DC,2015-03,59
20002,DC,2015-04,76
20002,DC,2015-05,76
20002,DC,2015-06,71
20002,DC,2015-07,102
20002,DC,2015-08,52
20002,DC,2015-09,80
20002,DC,2015-10,59
20002,DC,2015-11,54
20002,DC,2015-12,66
20002,DC,2016-01,39
20002,DC,2016-02,49
20002,DC,2016-03,47
20002,DC,2016-04,67
20002,DC,2016-05,91
20002,DC,2016-06,64
20003,DC,2008-06,44
20003,DC,2008-07,44
20003,DC,2008-08,46
20003,DC,2008-09,31
20003,DC,2008-10,45
20003,DC,2008-11,29
20003,DC,2008-12,22
20003,DC,2009-01,22
20003,DC,2009-02,20
20003,DC,2009-03,24
20003,DC,2009-04,44
20003,DC,2009-05,39
20003,DC,2009-06,64
20003,DC,2009-07,53
20003,DC,2009-08,43
20003,DC,2009-09,46
20003,DC,2009-10,36
20003,DC,2009-11,54
20003,DC,2009-12,49
20003,DC,2010-01,40
20003,DC,2010-02,35
20003,DC,2010-03,41
20003,DC,2010-04,33
20003,DC,2010-05,70
20003,DC,2010-06,47
20003,DC,2010-07,33
20003,DC,2010-08,45
20003,DC,2010-09,44
20003,DC,2010-10,40
20003,DC,2010-11,27
20003,DC,2010-12,24
20003,DC,2011-01,28
20003,DC,2011-02,22
20003,DC,2011-03,39
20003,DC,2011-04,34
20003,DC,2011-05,27
20003,DC,2011-06,37
20003,DC,2011-07,44
20003,DC,2011-08,54
20003,DC,2011-09,32
20003,DC,2011-10,30
20003,DC,2011-11,34
20003,DC,2011-12,40
20003,DC,2012-01,37
20003,DC,2012-02,34
20003,DC,2012-03,36
20003,DC,2012-04,31
20003,DC,2012-05,46
20003,DC,2012-06,45
20003,DC,2012-07,44
20003,DC,2012-08,47
20003,DC,2012-09,39
20003,DC,2012-10,57
20003,DC,2012-11,46
20003,DC,2012-12,37
20003,DC,2013-01,29
20003,DC,2013-02,42
20003,DC,2013-03,31
20003,DC,2013-04,52
20003,DC,2013-05,51
20003,DC,2013-06,65
20003,DC,2013-07,69
20003,DC,2013-08,40
20003,DC,2013-09,34
20003,DC,2013-10,43
20003,DC,2013-11,26
20003,DC,2013-12,27
20003,DC,2014-01,22
20003,DC,2014-02,26
20003,DC,2014-03,35
20003,DC,2014-04,37
20003,DC,2014-05,43
20003,DC,2014-06,32
20003,DC,2014-07,43
20003,DC,2014-08,43
20003,DC,2014-09,33
20003,DC,2014-10,43
20003,DC,2014-11,23
20003,DC,2014-12,29
20003,DC,2015-01,22
20003,DC,2015-02,30
20003,DC,2015-03,26
20003,DC,2015-04,33
20003,DC,2015-05,44
20003,DC,2015-06,48
20003,DC,2015-07,51
20003,DC,2015-08,36
20003,DC,2015-09,31
20003,DC,2015-10,37
20003,DC,2015-11,43
20003,DC,2015-12,33
20003,DC,2016-01,16
20003,DC,2016-02,21
20003,DC,2016-03,22
20003,DC,2016-04,33
20003,DC,2016-05,38
20003,DC,2016-06,39
20004,DC,2008-06,7
20004,DC,2008-07,3
20004,DC,2008-08,2
20004,DC,2008-09,7
20004,DC,2008-10,6
20004,DC,2008-11,1
20004,DC,2008-12,6
20004,DC,2009-01,5
20004,DC,2009-02,4
20004,DC,2009-03,4
20004,DC,2009-04,3
20004,DC,2009-05,8
20004,DC,2009-06,3
20004,DC,2009-07,8
20004,DC,2009-08,8
20004,DC,2009-09,4
20004,DC,2009-10,12
20004,DC,2009-11,8
20004,DC,2009-12,6
20004,DC,2010-01,4
20004,DC,2010-02,2
20004,DC,2010-03,1
20004,DC,2010-04,2
20004,DC,2010-05,10
20004,DC,2010-06,5
20004,DC,2010-07,1
20004,DC,2010-08,7
20004,DC,2010-09,10
20004,DC,2010-10,5
20004,DC,2010-11,6
20004,DC,2010-12,4
20004,DC,2011-01,2
20004,DC,2011-02,3
20004,DC,2011-03,2
20004,DC,2011-04,5
20004,DC,2011-05,5
20004,DC,2011-06,5
20004,DC,2011-07,4
20004,DC,2011-08,5
20004,DC,2011-09,6
20004,DC,2011-10,6
20004,DC,2011-11,1
20004,DC,2011-12,5
20004,DC,2012-01,2
20004,DC,2012-02,1
20004,DC,2012-03,4
20004,DC,2012-04,4
20004,DC,2012-05,6
20004,DC,2012-06,3
20004,DC,2012-07,3
20004,DC,2012-08,12
20004,DC,2012-09,7
20004,DC,2012-10,7
20004,DC,2012-11,10
20004,DC,2012-12,3
20004,DC,2013-01,3
20004,DC,2013-02,7
20004,DC,2013-03,3
20004,DC,2013-04,6
20004,DC,2013-05,8
20004,DC,2013-06,3
20004,DC,2013-07,12
20004,DC,2013-08,9
20004,DC,2013-09,6
20004,DC,2013-10,4
20004,DC,2013-11,5
20004,DC,2013-12,7
20004,DC,2014-01,2
20004,DC,2014-02,1
20004,DC,2014-03,4
20004,DC,2014-04,4
20004,DC,2014-05,7
20004,DC,2014-06,15
20004,DC,2014-07,4
20004,DC,2014-08,6
20004,DC,2014-09,4
20004,DC,2014-10,5
20004,DC,2014-11,9
20004,DC,2014-12,4
20004,DC,2015-01,2
20004,DC,2015-02,5
20004,DC,2015-03,3
20004,DC,2015-04,9
20004,DC,2015-05,7
20004,DC,2015-06,7
20004,DC,2015-07,7
20004,DC,2015-08,8
20004,DC,2015-09,8
20004,DC,2015-10,7
20004,DC,2015-11,1
20004,DC,2015-12,10
20004,DC,2016-01,1
20004,DC,2016-02,5
20004,DC,2016-03,5
20004,DC,2016-04,5
20004,DC,2016-05,9
20004,DC,2016-06,1
20005,DC,2008-06,25
20005,DC,2008-07,27
20005,DC,2008-08,22
20005,DC,2008-09,13
20005,DC,2008-10,15
20005,DC,2008-11,18
20005,DC,2008-12,13
20005,DC,2009-01,13
20005,DC,2009-02,10
20005,DC,2009-03,16
20005,DC,2009-04,21
20005,DC,2009-05,15
20005,DC,2009-06,13
20005,DC,2009-07,27
20005,DC,2009-08,28
20005,DC,2009-09,21
20005,DC,2009-10,21
20005,DC,2009-11,21
20005,DC,2009-12,32
20005,DC,2010-01,16
20005,DC,2010-02,15
20005,DC,2010-03,20
20005,DC,2010-04,16
20005,DC,2010-05,35
20005,DC,2010-06,32
20005,DC,2010-07,22
20005,DC,2010-08,22
20005,DC,2010-09,17
20005,DC,2010-10,20
20005,DC,2010-11,15
20005,DC,2010-12,8
20005,DC,2011-01,7
20005,DC,2011-02,5
20005,DC,2011-03,14
20005,DC,2011-04,11
20005,DC,2011-05,20
20005,DC,2011-06,19
20005,DC,2011-07,13
20005,DC,2011-08,12
20005,DC,2011-09,17
20005,DC,2011-10,8
20005,DC,2011-11,17
20005,DC,2011-12,17
20005,DC,2012-01,11
20005,DC,2012-02,12
20005,DC,2012-03,27
20005,DC,2012-04,12
20005,DC,2012-05,17
20005,DC,2012-06,21
20005,DC,2012-07,24
20005,DC,2012-08,19
20005,DC,2012-09,26
20005,DC,2012-10,30
20005,DC,2012-11,27
20005,DC,2012-12,17
20005,DC,2013-01,22
20005,DC,2013-02,14
20005,DC,2013-03,26
20005,DC,2013-04,20
20005,DC,2013-05,21
20005,DC,2013-06,31
20005,DC,2013-07,23
20005,DC,2013-08,31
20005,DC,2013-09,18
20005,DC,2013-10,28
20005,DC,2013-11,11
20005,DC,2013-12,19
20005,DC,2014-01,6
20005,DC,2014-02,8
20005,DC,2014-03,14
20005,DC,2014-04,13
20005,DC,2014-05,20
20005,DC,2014-06,18
20005,DC,2014-07,24
20005,DC,2014-08,17
20005,DC,2014-09,18
20005,DC,2014-10,24
20005,DC,2014-11,17
20005,DC,2014-12,17
20005,DC,2015-01,8
20005,DC,2015-02,13
20005,DC,2015-03,18
20005,DC,2015-04,23
20005,DC,2015-05,15
20005,DC,2015-06,20
20005,DC,2015-07,18
20005,DC,2015-08,14
20005,DC,2015-09,21
20005,DC,2015-10,15
20005,DC,2015-11,137
20005,DC,2015-12,20
20005,DC,2016-01,8
20005,DC,2016-02,12
20005,DC,2016-03,19
20005,DC,2016-04,22
20005,DC,2016-05,22
20005,DC,2016-06,18
20006,DC,2008-06,1
20006,DC,2008-07,1
20006,DC,2008-08,2
20006,DC,2008-09,
20006,DC,2008-10,3
20006,DC,2008-11,1
20006,DC,2008-12,
20006,DC,2009-01,
20006,DC,2009-02,
20006,DC,2009-03,
20006,DC,2009-04,1
20006,DC,2009-05,1
20006,DC,2009-06,
20006,DC,2009-07,
20006,DC,2009-08,2
20006,DC,2009-09,2
20006,DC,2009-10,
20006,DC,2009-11,2
20006,DC,2009-12,1
20006,DC,2010-01,
20006,DC,2010-02,1
20006,DC,2010-03,
20006,DC,2010-04,1
20006,DC,2010-05,
20006,DC,2010-06,2
20006,DC,2010-07,
20006,DC,2010-08,
20006,DC,2010-09,1
20006,DC,2010-10,
20006,DC,2010-11,
20006,DC,2010-12,1
20006,DC,2011-01,1
20006,DC,2011-02,
20006,DC,2011-03,
20006,DC,2011-04,2
20006,DC,2011-05,
20006,DC,2011-06,
20006,DC,2011-07,
20006,DC,2011-08,2
20006,DC,2011-09,2
20006,DC,2011-10,
20006,DC,2011-11,
20006,DC,2011-12,
20006,DC,2012-01,
20006,DC,2012-02,1
20006,DC,2012-03,2
20006,DC,2012-04,
20006,DC,2012-05,2
20006,DC,2012-06,
20006,DC,2012-07,2
20006,DC,2012-08,1
20006,DC,2012-09,1
20006,DC,2012-10,1
20006,DC,2012-11,
20006,DC,2012-12,
20006,DC,2013-01,
20006,DC,2013-02,
20006,DC,2013-03,1
20006,DC,2013-04,4
20006,DC,2013-05,
20006,DC,2013-06,1
20006,DC,2013-07,
20006,DC,2013-08,3
20006,DC,2013-09,
20006,DC,2013-10,
20006,DC,2013-11,
20006,DC,2013-12,
20006,DC,2014-01,
20006,DC,2014-02,
20006,DC,2014-03,
20006,DC,2014-04,2
20006,DC,2014-05,1
20006,DC,2014-06,1
20006,DC,2014-07,1
20006,DC,2014-08,
20006,DC,2014-09,1
20006,DC,2014-10,1
20006,DC,2014-11,1
20006,DC,2014-12,
20006,DC,2015-01,2
20006,DC,2015-02,1
20006,DC,2015-03,
20006,DC,2015-04,1
20006,DC,2015-05,1
20006,DC,2015-06,1
20006,DC,2015-07,4
20006,DC,2015-08,3
20006,DC,2015-09,1
20006,DC,2015-10,
20006,DC,2015-11,2
20006,DC,2015-12,
20006,DC,2016-01,1
20006,DC,2016-02,
20006,DC,2016-03,1
20006,DC,2016-04,1
20006,DC,2016-05,1
20006,DC,2016-06,
20007,DC,2008-06,63
20007,DC,2008-07,53
20007,DC,2008-08,45
20007,DC,2008-09,45
20007,DC,2008-10,36
20007,DC,2008-11,24
20007,DC,2008-12,27
20007,DC,2009-01,18
20007,DC,2009-02,14
20007,DC,2009-03,22
20007,DC,2009-04,30
20007,DC,2009-05,32
20007,DC,2009-06,60
20007,DC,2009-07,58
20007,DC,2009-08,34
20007,DC,2009-09,40
20007,DC,2009-10,37
20007,DC,2009-11,44
20007,DC,2009-12,36
20007,DC,2010-01,25
20007,DC,2010-02,21
20007,DC,2010-03,27
20007,DC,2010-04,30
20007,DC,2010-05,45
20007,DC,2010-06,38
20007,DC,2010-07,38
20007,DC,2010-08,51
20007,DC,2010-09,31
20007,DC,2010-10,35
20007,DC,2010-11,36
20007,DC,2010-12,33
20007,DC,2011-01,30
20007,DC,2011-02,26
20007,DC,2011-03,37
20007,DC,2011-04,44
20007,DC,2011-05,38
20007,DC,2011-06,33
20007,DC,2011-07,42
20007,DC,2011-08,49
20007,DC,2011-09,40
20007,DC,2011-10,22
20007,DC,2011-11,22
20007,DC,2011-12,53
20007,DC,2012-01,23
20007,DC,2012-02,24
20007,DC,2012-03,45
20007,DC,2012-04,30
20007,DC,2012-05,40
20007,DC,2012-06,55
20007,DC,2012-07,35
20007,DC,2012-08,61
20007,DC,2012-09,35
20007,DC,2012-10,36
20007,DC,2012-11,56
20007,DC,2012-12,74
20007,DC,2013-01,54
20007,DC,2013-02,28
20007,DC,2013-03,45
20007,DC,2013-04,57
20007,DC,2013-05,58
20007,DC,2013-06,77
20007,DC,2013-07,58
20007,DC,2013-08,45
20007,DC,2013-09,45
20007,DC,2013-10,22
20007,DC,2013-11,37
20007,DC,2013-12,54
20007,DC,2014-01,34
20007,DC,2014-02,31
20007,DC,2014-03,26
20007,DC,2014-04,39
20007,DC,2014-05,41
20007,DC,2014-06,80
20007,DC,2014-07,44
20007,DC,2014-08,49
20007,DC,2014-09,32
20007,DC,2014-10,43
20007,DC,2014-11,27
20007,DC,2014-12,38
20007,DC,2015-01,27
20007,DC,2015-02,26
20007,DC,2015-03,37
20007,DC,2015-04,38
20007,DC,2015-05,35
20007,DC,2015-06,68
20007,DC,2015-07,66
20007,DC,2015-08,40
20007,DC,2015-09,44
20007,DC,2015-10,29
20007,DC,2015-11,23
20007,DC,2015-12,43
20007,DC,2016-01,33
20007,DC,2016-02,46
20007,DC,2016-03,39
20007,DC,2016-04,52
20007,DC,2016-05,41
20007,DC,2016-06,22
20008,DC,2008-06,41
20008,DC,2008-07,29
20008,DC,2008-08,32
20008,DC,2008-09,28
20008,DC,2008-10,16
20008,DC,2008-11,23
20008,DC,2008-12,11
20008,DC,2009-01,8
20008,DC,2009-02,15
20008,DC,2009-03,23
20008,DC,2009-04,30
20008,DC,2009-05,21
20008,DC,2009-06,34
20008,DC,2009-07,39
20008,DC,2009-08,23
20008,DC,2009-09,30
20008,DC,2009-10,11
20008,DC,2009-11,25
20008,DC,2009-12,35
20008,DC,2010-01,13
20008,DC,2010-02,14
20008,DC,2010-03,19
20008,DC,2010-04,26
20008,DC,2010-05,27
20008,DC,2010-06,22
20008,DC,2010-07,22
20008,DC,2010-08,31
20008,DC,2010-09,19
20008,DC,2010-10,21
20008,DC,2010-11,20
20008,DC,2010-12,17
20008,DC,2011-01,23
20008,DC,2011-02,19
20008,DC,2011-03,24
20008,DC,2011-04,22
20008,DC,2011-05,35
20008,DC,2011-06,25
20008,DC,2011-07,24
20008,DC,2011-08,33
20008,DC,2011-09,32
20008,DC,2011-10,21
20008,DC,2011-11,22
20008,DC,2011-12,33
20008,DC,2012-01,19
20008,DC,2012-02,22
20008,DC,2012-03,30
20008,DC,2012-04,24
20008,DC,2012-05,31
20008,DC,2012-06,42
20008,DC,2012-07,37
20008,DC,2012-08,31
20008,DC,2012-09,25
20008,DC,2012-10,35
20008,DC,2012-11,38
20008,DC,2012-12,38
20008,DC,2013-01,30
20008,DC,2013-02,17
20008,DC,2013-03,33
20008,DC,2013-04,27
20008,DC,2013-05,42
20008,DC,2013-06,53
20008,DC,2013-07,40
20008,DC,2013-08,39
20008,DC,2013-09,32
20008,DC,2013-10,34
20008,DC,2013-11,33
20008,DC,2013-12,17
20008,DC,2014-01,17
20008,DC,2014-02,23
20008,DC,2014-03,27
20008,DC,2014-04,18
20008,DC,2014-05,23
20008,DC,2014-06,32
20008,DC,2014-07,38
20008,DC,2014-08,29
20008,DC,2014-09,21
20008,DC,2014-10,30
20008,DC,2014-11,20
20008,DC,2014-12,30
20008,DC,2015-01,19
20008,DC,2015-02,13
20008,DC,2015-03,20
20008,DC,2015-04,27
20008,DC,2015-05,26
20008,DC,2015-06,32
20008,DC,2015-07,42
20008,DC,2015-08,21
20008,DC,2015-09,33
20008,DC,2015-10,21
20008,DC,2015-11,25
20008,DC,2015-12,23
20008,DC,2016-01,13
20008,DC,2016-02,17
20008,DC,2016-03,16
20008,DC,2016-04,29
20008,DC,2016-05,29
20008,DC,2016-06,22
20009,DC,2008-06,86
20009,DC,2008-07,90
20009,DC,2008-08,64
20009,DC,2008-09,75
20009,DC,2008-10,53
20009,DC,2008-11,48
20009,DC,2008-12,61
20009,DC,2009-01,28
20009,DC,2009-02,37
20009,DC,2009-03,53
20009,DC,2009-04,76
20009,DC,2009-05,74
20009,DC,2009-06,91
20009,DC,2009-07,79
20009,DC,2009-08,97
20009,DC,2009-09,81
20009,DC,2009-10,75
20009,DC,2009-11,66
20009,DC,2009-12,61
20009,DC,2010-01,39
20009,DC,2010-02,29
20009,DC,2010-03,80
20009,DC,2010-04,54
20009,DC,2010-05,83
20009,DC,2010-06,75
20009,DC,2010-07,60
20009,DC,2010-08,85
20009,DC,2010-09,71
20009,DC,2010-10,43
20009,DC,2010-11,61
20009,DC,2010-12,48
20009,DC,2011-01,51
20009,DC,2011-02,33
20009,DC,2011-03,52
20009,DC,2011-04,46
20009,DC,2011-05,75
20009,DC,2011-06,72
20009,DC,2011-07,57
20009,DC,2011-08,72
20009,DC,2011-09,61
20009,DC,2011-10,41
20009,DC,2011-11,34
20009,DC,2011-12,54
20009,DC,2012-01,54
20009,DC,2012-02,49
20009,DC,2012-03,75
20009,DC,2012-04,75
20009,DC,2012-05,76
20009,DC,2012-06,75
20009,DC,2012-07,79
20009,DC,2012-08,67
20009,DC,2012-09,75
20009,DC,2012-10,60
20009,DC,2012-11,64
20009,DC,2012-12,82
20009,DC,2013-01,73
20009,DC,2013-02,82
20009,DC,2013-03,77
20009,DC,2013-04,97
20009,DC,2013-05,151
20009,DC,2013-06,156
20009,DC,2013-07,112
20009,DC,2013-08,85
20009,DC,2013-09,68
20009,DC,2013-10,70
20009,DC,2013-11,63
20009,DC,2013-12,58
20009,DC,2014-01,44
20009,DC,2014-02,39
20009,DC,2014-03,49
20009,DC,2014-04,77
20009,DC,2014-05,77
20009,DC,2014-06,80
20009,DC,2014-07,73
20009,DC,2014-08,55
20009,DC,2014-09,62
20009,DC,2014-10,76
20009,DC,2014-11,55
20009,DC,2014-12,59
20009,DC,2015-01,23
20009,DC,2015-02,27
20009,DC,2015-03,51
20009,DC,2015-04,63
20009,DC,2015-05,77
20009,DC,2015-06,88
20009,DC,2015-07,88
20009,DC,2015-08,57
20009,DC,2015-09,78
20009,DC,2015-10,87
20009,DC,2015-11,55
20009,DC,2015-12,67
20009,DC,2016-01,51
20009,DC,2016-02,29
20009,DC,2016-03,63
20009,DC,2016-04,83
20009,DC,2016-05,71
20009,DC,2016-06,48
20010,DC,2008-06,20
20010,DC,2008-07,38
20010,DC,2008-08,28
20010,DC,2008-09,27
20010,DC,2008-10,18
20010,DC,2008-11,15
20010,DC,2008-12,26
20010,DC,2009-01,9
20010,DC,2009-02,11
20010,DC,2009-03,33
20010,DC,2009-04,23
20010,DC,2009-05,25
20010,DC,2009-06,25
20010,DC,2009-07,22
20010,DC,2009-08,45
20010,DC,2009-09,40
20010,DC,2009-10,34
20010,DC,2009-11,36
20010,DC,2009-12,27
20010,DC,2010-01,19
20010,DC,2010-02,16
20010,DC,2010-03,27
20010,DC,2010-04,26
20010,DC,2010-05,31
20010,DC,2010-06,35
20010,DC,2010-07,24
20010,DC,2010-08,26
20010,DC,2010-09,20
20010,DC,2010-10,22
20010,DC,2010-11,33
20010,DC,2010-12,20
20010,DC,2011-01,22
20010,DC,2011-02,22
20010,DC,2011-03,33
20010,DC,2011-04,17
20010,DC,2011-05,34
20010,DC,2011-06,37
20010,DC,2011-07,17
20010,DC,2011-08,35
20010,DC,2011-09,22
20010,DC,2011-10,16
20010,DC,2011-11,23
20010,DC,2011-12,23
20010,DC,2012-01,9
20010,DC,2012-02,14
20010,DC,2012-03,35
20010,DC,2012-04,33
20010,DC,2012-05,20
20010,DC,2012-06,29
20010,DC,2012-07,23
20010,DC,2012-08,35
20010,DC,2012-09,22
20010,DC,2012-10,34
20010,DC,2012-11,42
20010,DC,2012-12,67
20010,DC,2013-01,43
20010,DC,2013-02,24
20010,DC,2013-03,25
20010,DC,2013-04,38
20010,DC,2013-05,17
20010,DC,2013-06,39
20010,DC,2013-07,22
20010,DC,2013-08,35
20010,DC,2013-09,18
20010,DC,2013-10,37
20010,DC,2013-11,31
20010,DC,2013-12,42
20010,DC,2014-01,37
20010,DC,2014-02,38
20010,DC,2014-03,48
20010,DC,2014-04,37
20010,DC,2014-05,33
20010,DC,2014-06,38
20010,DC,2014-07,42
20010,DC,2014-08,25
20010,DC,2014-09,33
20010,DC,2014-10,40
20010,DC,2014-11,27
20010,DC,2014-12,26
20010,DC,2015-01,19
20010,DC,2015-02,13
20010,DC,2015-03,27
20010,DC,2015-04,28
20010,DC,2015-05,34
20010,DC,2015-06,38
20010,DC,2015-07,37
20010,DC,2015-08,26
20010,DC,2015-09,30
20010,DC,2015-10,22
20010,DC,2015-11,24
20010,DC,2015-12,24
20010,DC,2016-01,14
20010,DC,2016-02,19
20010,DC,2016-03,15
20010,DC,2016-04,29
20010,DC,2016-05,27
20010,DC,2016-06,22
20011,DC,2008-06,58
20011,DC,2008-07,59
20011,DC,2008-08,57
20011,DC,2008-09,54
20011,DC,2008-10,38
20011,DC,2008-11,43
20011,DC,2008-12,43
20011,DC,2009-01,41
20011,DC,2009-02,26
20011,DC,2009-03,52
20011,DC,2009-04,33
20011,DC,2009-05,35
20011,DC,2009-06,52
20011,DC,2009-07,61
20011,DC,2009-08,54
20011,DC,2009-09,49
20011,DC,2009-10,55
20011,DC,2009-11,73
20011,DC,2009-12,79
20011,DC,2010-01,56
20011,DC,2010-02,33
20011,DC,2010-03,77
20011,DC,2010-04,55
20011,DC,2010-05,72
20011,DC,2010-06,69
20011,DC,2010-07,51
20011,DC,2010-08,49
20011,DC,2010-09,57
20011,DC,2010-10,55
20011,DC,2010-11,41
20011,DC,2010-12,36
20011,DC,2011-01,44
20011,DC,2011-02,47
20011,DC,2011-03,39
20011,DC,2011-04,57
20011,DC,2011-05,64
20011,DC,2011-06,59
20011,DC,2011-07,65
20011,DC,2011-08,55
20011,DC,2011-09,63
20011,DC,2011-10,49
20011,DC,2011-11,51
20011,DC,2011-12,57
20011,DC,2012-01,50
20011,DC,2012-02,39
20011,DC,2012-03,55
20011,DC,2012-04,53
20011,DC,2012-05,73
20011,DC,2012-06,71
20011,DC,2012-07,73
20011,DC,2012-08,60
20011,DC,2012-09,62
20011,DC,2012-10,59
20011,DC,2012-11,54
20011,DC,2012-12,81
20011,DC,2013-01,44
20011,DC,2013-02,69
20011,DC,2013-03,59
20011,DC,2013-04,81
20011,DC,2013-05,85
20011,DC,2013-06,89
20011,DC,2013-07,93
20011,DC,2013-08,60
20011,DC,2013-09,64
20011,DC,2013-10,78
20011,DC,2013-11,62
20011,DC,2013-12,78
20011,DC,2014-01,57
20011,DC,2014-02,65
20011,DC,2014-03,58
20011,DC,2014-04,94
20011,DC,2014-05,78
20011,DC,2014-06,76
20011,DC,2014-07,79
20011,DC,2014-08,70
20011,DC,2014-09,57
20011,DC,2014-10,75
20011,DC,2014-11,57
20011,DC,2014-12,81
20011,DC,2015-01,46
20011,DC,2015-02,53
20011,DC,2015-03,73
20011,DC,2015-04,62
20011,DC,2015-05,69
20011,DC,2015-06,93
20011,DC,2015-07,64
20011,DC,2015-08,62
20011,DC,2015-09,52
20011,DC,2015-10,71
20011,DC,2015-11,44
20011,DC,2015-12,67
20011,DC,2016-01,40
20011,DC,2016-02,40
20011,DC,2016-03,63
20011,DC,2016-04,62
20011,DC,2016-05,71
20011,DC,2016-06,44
20012,DC,2008-06,11
20012,DC,2008-07,11
20012,DC,2008-08,11
20012,DC,2008-09,13
20012,DC,2008-10,20
20012,DC,2008-11,12
20012,DC,2008-12,17
20012,DC,2009-01,10
20012,DC,2009-02,5
20012,DC,2009-03,8
20012,DC,2009-04,4
20012,DC,2009-05,14
20012,DC,2009-06,15
20012,DC,2009-07,15
20012,DC,2009-08,27
20012,DC,2009-09,15
20012,DC,2009-10,10
20012,DC,2009-11,10
20012,DC,2009-12,22
20012,DC,2010-01,6
20012,DC,2010-02,3
20012,DC,2010-03,17
20012,DC,2010-04,9
20012,DC,2010-05,13
20012,DC,2010-06,23
20012,DC,2010-07,13
20012,DC,2010-08,10
20012,DC,2010-09,7
20012,DC,2010-10,13
20012,DC,2010-11,13
20012,DC,2010-12,9
20012,DC,2011-01,12
20012,DC,2011-02,4
20012,DC,2011-03,15
20012,DC,2011-04,7
20012,DC,2011-05,20
20012,DC,2011-06,15
20012,DC,2011-07,12
20012,DC,2011-08,14
20012,DC,2011-09,14
20012,DC,2011-10,9
20012,DC,2011-11,6
20012,DC,2011-12,15
20012,DC,2012-01,9
20012,DC,2012-02,6
20012,DC,2012-03,8
20012,DC,2012-04,10
20012,DC,2012-05,8
20012,DC,2012-06,20
20012,DC,2012-07,20
20012,DC,2012-08,17
20012,DC,2012-09,12
20012,DC,2012-10,16
20012,DC,2012-11,15
20012,DC,2012-12,12
20012,DC,2013-01,11
20012,DC,2013-02,9
20012,DC,2013-03,14
20012,DC,2013-04,13
20012,DC,2013-05,21
20012,DC,2013-06,14
20012,DC,2013-07,25
20012,DC,2013-08,16
20012,DC,2013-09,9
20012,DC,2013-10,10
20012,DC,2013-11,13
20012,DC,2013-12,27
20012,DC,2014-01,11
20012,DC,2014-02,9
20012,DC,2014-03,14
20012,DC,2014-04,14
20012,DC,2014-05,9
20012,DC,2014-06,16
20012,DC,2014-07,16
20012,DC,2014-08,14
20012,DC,2014-09,15
20012,DC,2014-10,15
20012,DC,2014-11,19
20012,DC,2014-12,15
20012,DC,2015-01,7
20012,DC,2015-02,4
20012,DC,2015-03,5
20012,DC,2015-04,10
20012,DC,2015-05,15
20012,DC,2015-06,17
20012,DC,2015-07,21
20012,DC,2015-08,21
20012,DC,2015-09,13
20012,DC,2015-10,14
20012,DC,2015-11,13
20012,DC,2015-12,15
20012,DC,2016-01,13
20012,DC,2016-02,12
20012,DC,2016-03,6
20012,DC,2016-04,23
20012,DC,2016-05,14
20012,DC,2016-06,19
20015,DC,2008-06,19
20015,DC,2008-07,25
20015,DC,2008-08,15
20015,DC,2008-09,12
20015,DC,2008-10,13
20015,DC,2008-11,18
20015,DC,2008-12,13
20015,DC,2009-01,5
20015,DC,2009-02,8
20015,DC,2009-03,8
20015,DC,2009-04,10
20015,DC,2009-05,17
20015,DC,2009-06,30
20015,DC,2009-07,24
20015,DC,2009-08,17
20015,DC,2009-09,23
20015,DC,2009-10,16
20015,DC,2009-11,20
20015,DC,2009-12,21
20015,DC,2010-01,18
20015,DC,2010-02,4
20015,DC,2010-03,10
20015,DC,2010-04,11
20015,DC,2010-05,26
20015,DC,2010-06,23
20015,DC,2010-07,24
20015,DC,2010-08,27
20015,DC,2010-09,11
20015,DC,2010-10,14
20015,DC,2010-11,23
20015,DC,2010-12,11
20015,DC,2011-01,15
20015,DC,2011-02,11
20015,DC,2011-03,32
20015,DC,2011-04,13
20015,DC,2011-05,17
20015,DC,2011-06,27
20015,DC,2011-07,21
20015,DC,2011-08,25
20015,DC,2011-09,15
20015,DC,2011-10,11
20015,DC,2011-11,10
20015,DC,2011-12,19
20015,DC,2012-01,11
20015,DC,2012-02,10
20015,DC,2012-03,14
20015,DC,2012-04,13
20015,DC,2012-05,12
20015,DC,2012-06,25
20015,DC,2012-07,24
20015,DC,2012-08,19
20015,DC,2012-09,17
20015,DC,2012-10,16
20015,DC,2012-11,21
20015,DC,2012-12,33
20015,DC,2013-01,18
20015,DC,2013-02,8
20015,DC,2013-03,19
20015,DC,2013-04,23
20015,DC,2013-05,15
20015,DC,2013-06,30
20015,DC,2013-07,30
20015,DC,2013-08,31
20015,DC,2013-09,17
20015,DC,2013-10,21
20015,DC,2013-11,22
20015,DC,2013-12,17
20015,DC,2014-01,9
20015,DC,2014-02,6
20015,DC,2014-03,16
20015,DC,2014-04,12
20015,DC,2014-05,21
20015,DC,2014-06,28
20015,DC,2014-07,30
20015,DC,2014-08,18
20015,DC,2014-09,17
20015,DC,2014-10,26
20015,DC,2014-11,11
20015,DC,2014-12,19
20015,DC,2015-01,5
20015,DC,2015-02,10
20015,DC,2015-03,17
20015,DC,2015-04,19
20015,DC,2015-05,16
20015,DC,2015-06,16
20015,DC,2015-07,28
20015,DC,2015-08,18
20015,DC,2015-09,20
20015,DC,2015-10,21
20015,DC,2015-11,21
20015,DC,2015-12,27
20015,DC,2016-01,12
20015,DC,2016-02,17
20015,DC,2016-03,15
20015,DC,2016-04,19
20015,DC,2016-05,17
20015,DC,2016-06,13
20016,DC,2008-06,47
20016,DC,2008-07,57
20016,DC,2008-08,38
20016,DC,2008-09,39
20016,DC,2008-10,28
20016,DC,2008-11,23
20016,DC,2008-12,35
20016,DC,2009-01,12
20016,DC,2009-02,13
20016,DC,2009-03,28
20016,DC,2009-04,25
20016,DC,2009-05,30
20016,DC,2009-06,36
20016,DC,2009-07,54
20016,DC,2009-08,44
20016,DC,2009-09,53
20016,DC,2009-10,20
20016,DC,2009-11,47
20016,DC,2009-12,51
20016,DC,2010-01,18
20016,DC,2010-02,15
20016,DC,2010-03,33
20016,DC,2010-04,41
20016,DC,2010-05,47
20016,DC,2010-06,36
20016,DC,2010-07,43
20016,DC,2010-08,46
20016,DC,2010-09,29
20016,DC,2010-10,43
20016,DC,2010-11,23
20016,DC,2010-12,29
20016,DC,2011-01,38
20016,DC,2011-02,20
20016,DC,2011-03,28
20016,DC,2011-04,30
20016,DC,2011-05,34
20016,DC,2011-06,50
20016,DC,2011-07,50
20016,DC,2011-08,39
20016,DC,2011-09,34
20016,DC,2011-10,22
20016,DC,2011-11,30
20016,DC,2011-12,45
20016,DC,2012-01,29
20016,DC,2012-02,22
20016,DC,2012-03,36
20016,DC,2012-04,32
20016,DC,2012-05,47
20016,DC,2012-06,34
20016,DC,2012-07,53
20016,DC,2012-08,50
20016,DC,2012-09,39
20016,DC,2012-10,36
20016,DC,2012-11,39
20016,DC,2012-12,55
20016,DC,2013-01,45
20016,DC,2013-02,29
20016,DC,2013-03,31
20016,DC,2013-04,47
20016,DC,2013-05,52
20016,DC,2013-06,70
20016,DC,2013-07,79
20016,DC,2013-08,40
20016,DC,2013-09,26
20016,DC,2013-10,34
20016,DC,2013-11,25
20016,DC,2013-12,41
20016,DC,2014-01,27
20016,DC,2014-02,21
20016,DC,2014-03,32
20016,DC,2014-04,43
20016,DC,2014-05,34
20016,DC,2014-06,56
20016,DC,2014-07,76
20016,DC,2014-08,38
20016,DC,2014-09,36
20016,DC,2014-10,37
20016,DC,2014-11,31
20016,DC,2014-12,37
20016,DC,2015-01,22
20016,DC,2015-02,27
20016,DC,2015-03,31
20016,DC,2015-04,46
20016,DC,2015-05,44
20016,DC,2015-06,56
20016,DC,2015-07,57
20016,DC,2015-08,54
20016,DC,2015-09,24
20016,DC,2015-10,49
20016,DC,2015-11,39
20016,DC,2015-12,47
20016,DC,2016-01,20
20016,DC,2016-02,17
20016,DC,2016-03,29
20016,DC,2016-04,28
20016,DC,2016-05,53
20016,DC,2016-06,50
20017,DC,2008-06,13
20017,DC,2008-07,14
20017,DC,2008-08,13
20017,DC,2008-09,15
20017,DC,2008-10,18
20017,DC,2008-11,7
20017,DC,2008-12,15
20017,DC,2009-01,13
20017,DC,2009-02,12
20017,DC,2009-03,10
20017,DC,2009-04,8
20017,DC,2009-05,12
20017,DC,2009-06,16
20017,DC,2009-07,15
20017,DC,2009-08,15
20017,DC,2009-09,18
20017,DC,2009-10,18
20017,DC,2009-11,20
20017,DC,2009-12,17
20017,DC,2010-01,11
20017,DC,2010-02,5
20017,DC,2010-03,8
20017,DC,2010-04,20
20017,DC,2010-05,124
20017,DC,2010-06,22
20017,DC,2010-07,6
20017,DC,2010-08,17
20017,DC,2010-09,16
20017,DC,2010-10,11
20017,DC,2010-11,21
20017,DC,2010-12,16
20017,DC,2011-01,12
20017,DC,2011-02,18
20017,DC,2011-03,23
20017,DC,2011-04,15
20017,DC,2011-05,8
20017,DC,2011-06,16
20017,DC,2011-07,24
20017,DC,2011-08,23
20017,DC,2011-09,11
20017,DC,2011-10,16
20017,DC,2011-11,21
20017,DC,2011-12,21
20017,DC,2012-01,78
20017,DC,2012-02,7
20017,DC,2012-03,23
20017,DC,2012-04,25
20017,DC,2012-05,16
20017,DC,2012-06,26
20017,DC,2012-07,12
20017,DC,2012-08,15
20017,DC,2012-09,28
20017,DC,2012-10,18
20017,DC,2012-11,16
20017,DC,2012-12,25
20017,DC,2013-01,27
20017,DC,2013-02,16
20017,DC,2013-03,22
20017,DC,2013-04,24
20017,DC,2013-05,27
20017,DC,2013-06,30
20017,DC,2013-07,23
20017,DC,2013-08,20
20017,DC,2013-09,30
20017,DC,2013-10,22
20017,DC,2013-11,26
20017,DC,2013-12,19
20017,DC,2014-01,15
20017,DC,2014-02,16
20017,DC,2014-03,17
20017,DC,2014-04,15
20017,DC,2014-05,23
20017,DC,2014-06,23
20017,DC,2014-07,20
20017,DC,2014-08,20
20017,DC,2014-09,21
20017,DC,2014-10,31
20017,DC,2014-11,12
20017,DC,2014-12,20
20017,DC,2015-01,13
20017,DC,2015-02,15
20017,DC,2015-03,12
20017,DC,2015-04,17
20017,DC,2015-05,17
20017,DC,2015-06,26
20017,DC,2015-07,21
20017,DC,2015-08,16
20017,DC,2015-09,16
20017,DC,2015-10,17
20017,DC,2015-11,24
20017,DC,2015-12,19
20017,DC,2016-01,11
20017,DC,2016-02,13
20017,DC,2016-03,17
20017,DC,2016-04,22
20017,DC,2016-05,22
20017,DC,2016-06,16
20018,DC,2008-06,20
20018,DC,2008-07,13
20018,DC,2008-08,20
20018,DC,2008-09,12
20018,DC,2008-10,14
20018,DC,2008-11,17
20018,DC,2008-12,12
20018,DC,2009-01,11
20018,DC,2009-02,6
20018,DC,2009-03,12
20018,DC,2009-04,8
20018,DC,2009-05,10
20018,DC,2009-06,19
20018,DC,2009-07,18
20018,DC,2009-08,25
20018,DC,2009-09,25
20018,DC,2009-10,18
20018,DC,2009-11,19
20018,DC,2009-12,39
20018,DC,2010-01,13
20018,DC,2010-02,8
20018,DC,2010-03,28
20018,DC,2010-04,15
20018,DC,2010-05,29
20018,DC,2010-06,24
20018,DC,2010-07,18
20018,DC,2010-08,24
20018,DC,2010-09,14
20018,DC,2010-10,14
20018,DC,2010-11,16
20018,DC,2010-12,14
20018,DC,2011-01,11
20018,DC,2011-02,9
20018,DC,2011-03,17
20018,DC,2011-04,11
20018,DC,2011-05,17
20018,DC,2011-06,12
20018,DC,2011-07,8
20018,DC,2011-08,7
20018,DC,2011-09,16
20018,DC,2011-10,12
20018,DC,2011-11,18
20018,DC,2011-12,15
20018,DC,2012-01,12
20018,DC,2012-02,8
20018,DC,2012-03,10
20018,DC,2012-04,18
20018,DC,2012-05,15
20018,DC,2012-06,21
20018,DC,2012-07,23
20018,DC,2012-08,18
20018,DC,2012-09,19
20018,DC,2012-10,23
20018,DC,2012-11,21
20018,DC,2012-12,26
20018,DC,2013-01,20
20018,DC,2013-02,20
20018,DC,2013-03,23
20018,DC,2013-04,16
20018,DC,2013-05,19
20018,DC,2013-06,18
20018,DC,2013-07,30
20018,DC,2013-08,25
20018,DC,2013-09,19
20018,DC,2013-10,31
20018,DC,2013-11,17
20018,DC,2013-12,28
20018,DC,2014-01,25
20018,DC,2014-02,18
20018,DC,2014-03,20
20018,DC,2014-04,28
20018,DC,2014-05,13
20018,DC,2014-06,37
20018,DC,2014-07,25
20018,DC,2014-08,28
20018,DC,2014-09,46
20018,DC,2014-10,35
20018,DC,2014-11,20
20018,DC,2014-12,27
20018,DC,2015-01,18
20018,DC,2015-02,16
20018,DC,2015-03,21
20018,DC,2015-04,19
20018,DC,2015-05,23
20018,DC,2015-06,16
20018,DC,2015-07,22
20018,DC,2015-08,19
20018,DC,2015-09,20
20018,DC,2015-10,24
20018,DC,2015-11,13
20018,DC,2015-12,21
20018,DC,2016-01,20
20018,DC,2016-02,17
20018,DC,2016-03,19
20018,DC,2016-04,29
20018,DC,2016-05,25
20018,DC,2016-06,19
20019,DC,2008-06,46
20019,DC,2008-07,24
20019,DC,2008-08,37
20019,DC,2008-09,44
20019,DC,2008-10,37
20019,DC,2008-11,27
20019,DC,2008-12,60
20019,DC,2009-01,48
20019,DC,2009-02,45
20019,DC,2009-03,27
20019,DC,2009-04,15
20019,DC,2009-05,23
20019,DC,2009-06,32
20019,DC,2009-07,36
20019,DC,2009-08,37
20019,DC,2009-09,65
20019,DC,2009-10,29
20019,DC,2009-11,50
20019,DC,2009-12,67
20019,DC,2010-01,49
20019,DC,2010-02,25
20019,DC,2010-03,57
20019,DC,2010-04,34
20019,DC,2010-05,51
20019,DC,2010-06,37
20019,DC,2010-07,35
20019,DC,2010-08,45
20019,DC,2010-09,56
20019,DC,2010-10,65
20019,DC,2010-11,40
20019,DC,2010-12,28
20019,DC,2011-01,38
20019,DC,2011-02,34
20019,DC,2011-03,53
20019,DC,2011-04,38
20019,DC,2011-05,43
20019,DC,2011-06,32
20019,DC,2011-07,38
20019,DC,2011-08,37
20019,DC,2011-09,50
20019,DC,2011-10,29
20019,DC,2011-11,38
20019,DC,2011-12,46
20019,DC,2012-01,39
20019,DC,2012-02,37
20019,DC,2012-03,30
20019,DC,2012-04,37
20019,DC,2012-05,39
20019,DC,2012-06,29
20019,DC,2012-07,37
20019,DC,2012-08,48
20019,DC,2012-09,38
20019,DC,2012-10,27
20019,DC,2012-11,28
20019,DC,2012-12,32
20019,DC,2013-01,39
20019,DC,2013-02,38
20019,DC,2013-03,54
20019,DC,2013-04,42
20019,DC,2013-05,39
20019,DC,2013-06,44
20019,DC,2013-07,52
20019,DC,2013-08,42
20019,DC,2013-09,40
20019,DC,2013-10,40
20019,DC,2013-11,39
20019,DC,2013-12,40
20019,DC,2014-01,37
20019,DC,2014-02,44
20019,DC,2014-03,38
20019,DC,2014-04,31
20019,DC,2014-05,38
20019,DC,2014-06,37
20019,DC,2014-07,38
20019,DC,2014-08,21
20019,DC,2014-09,33
20019,DC,2014-10,38
20019,DC,2014-11,31
20019,DC,2014-12,37
20019,DC,2015-01,29
20019,DC,2015-02,33
20019,DC,2015-03,42
20019,DC,2015-04,40
20019,DC,2015-05,33
20019,DC,2015-06,37
20019,DC,2015-07,44
20019,DC,2015-08,30
20019,DC,2015-09,40
20019,DC,2015-10,47
20019,DC,2015-11,35
20019,DC,2015-12,47
20019,DC,2016-01,39
20019,DC,2016-02,33
20019,DC,2016-03,39
20019,DC,2016-04,42
20019,DC,2016-05,49
20019,DC,2016-06,20
20020,DC,2008-06,18
20020,DC,2008-07,35
20020,DC,2008-08,28
20020,DC,2008-09,32
20020,DC,2008-10,26
20020,DC,2008-11,25
20020,DC,2008-12,30
20020,DC,2009-01,30
20020,DC,2009-02,8
20020,DC,2009-03,18
20020,DC,2009-04,16
20020,DC,2009-05,20
20020,DC,2009-06,23
20020,DC,2009-07,25
20020,DC,2009-08,33
20020,DC,2009-09,33
20020,DC,2009-10,24
20020,DC,2009-11,23
20020,DC,2009-12,32
20020,DC,2010-01,40
20020,DC,2010-02,13
20020,DC,2010-03,37
20020,DC,2010-04,19
20020,DC,2010-05,43
20020,DC,2010-06,29
20020,DC,2010-07,24
20020,DC,2010-08,23
20020,DC,2010-09,29
20020,DC,2010-10,29
20020,DC,2010-11,24
20020,DC,2010-12,26
20020,DC,2011-01,15
20020,DC,2011-02,19
20020,DC,2011-03,31
20020,DC,2011-04,31
20020,DC,2011-05,28
20020,DC,2011-06,26
20020,DC,2011-07,30
20020,DC,2011-08,23
20020,DC,2011-09,20
20020,DC,2011-10,19
20020,DC,2011-11,20
20020,DC,2011-12,20
20020,DC,2012-01,21
20020,DC,2012-02,17
20020,DC,2012-03,18
20020,DC,2012-04,20
20020,DC,2012-05,24
20020,DC,2012-06,24
20020,DC,2012-07,31
20020,DC,2012-08,28
20020,DC,2012-09,35
20020,DC,2012-10,23
20020,DC,2012-11,27
20020,DC,2012-12,21
20020,DC,2013-01,24
20020,DC,2013-02,19
20020,DC,2013-03,26
20020,DC,2013-04,18
20020,DC,2013-05,33
20020,DC,2013-06,29
20020,DC,2013-07,23
20020,DC,2013-08,29
20020,DC,2013-09,16
20020,DC,2013-10,22
20020,DC,2013-11,24
20020,DC,2013-12,29
20020,DC,2014-01,26
20020,DC,2014-02,30
20020,DC,2014-03,27
20020,DC,2014-04,16
20020,DC,2014-05,25
20020,DC,2014-06,31
20020,DC,2014-07,28
20020,DC,2014-08,23
20020,DC,2014-09,30
20020,DC,2014-10,25
20020,DC,2014-11,25
20020,DC,2014-12,25
20020,DC,2015-01,25
20020,DC,2015-02,24
20020,DC,2015-03,17
20020,DC,2015-04,15
20020,DC,2015-05,22
20020,DC,2015-06,25
20020,DC,2015-07,32
20020,DC,2015-08,28
20020,DC,2015-09,23
20020,DC,2015-10,24
20020,DC,2015-11,21
20020,DC,2015-12,24
20020,DC,2016-01,33
20020,DC,2016-02,18
20020,DC,2016-03,36
20020,DC,2016-04,26
20020,DC,2016-05,27
20020,DC,2016-06,17
20024,DC,2008-06,12
20024,DC,2008-07,13
20024,DC,2008-08,15
20024,DC,2008-09,20
20024,DC,2008-10,7
20024,DC,2008-11,7
20024,DC,2008-12,7
20024,DC,2009-01,5
20024,DC,2009-02,4
20024,DC,2009-03,8
20024,DC,2009-04,3
20024,DC,2009-05,4
20024,DC,2009-06,6
20024,DC,2009-07,9
20024,DC,2009-08,8
20024,DC,2009-09,11
20024,DC,2009-10,9
20024,DC,2009-11,5
20024,DC,2009-12,28
20024,DC,2010-01,30
20024,DC,2010-02,23
20024,DC,2010-03,28
20024,DC,2010-04,26
20024,DC,2010-05,25
20024,DC,2010-06,18
20024,DC,2010-07,24
20024,DC,2010-08,24
20024,DC,2010-09,20
20024,DC,2010-10,24
20024,DC,2010-11,16
20024,DC,2010-12,22
20024,DC,2011-01,13
20024,DC,2011-02,9
20024,DC,2011-03,19
20024,DC,2011-04,22
20024,DC,2011-05,2
20024,DC,2011-06,14
20024,DC,2011-07,16
20024,DC,2011-08,13
20024,DC,2011-09,19
20024,DC,2011-10,17
20024,DC,2011-11,11
20024,DC,2011-12,11
20024,DC,2012-01,5
20024,DC,2012-02,20
20024,DC,2012-03,7
20024,DC,2012-04,14
20024,DC,2012-05,19
20024,DC,2012-06,19
20024,DC,2012-07,34
20024,DC,2012-08,20
20024,DC,2012-09,17
20024,DC,2012-10,16
20024,DC,2012-11,18
20024,DC,2012-12,8
20024,DC,2013-01,34
20024,DC,2013-02,6
20024,DC,2013-03,13
20024,DC,2013-04,12
20024,DC,2013-05,21
20024,DC,2013-06,18
20024,DC,2013-07,18
20024,DC,2013-08,20
20024,DC,2013-09,10
20024,DC,2013-10,20
20024,DC,2013-11,10
20024,DC,2013-12,14
20024,DC,2014-01,11
20024,DC,2014-02,11
20024,DC,2014-03,12
20024,DC,2014-04,18
20024,DC,2014-05,12
20024,DC,2014-06,15
20024,DC,2014-07,18
20024,DC,2014-08,11
20024,DC,2014-09,12
20024,DC,2014-10,19
20024,DC,2014-11,10
20024,DC,2014-12,9
20024,DC,2015-01,6
20024,DC,2015-02,12
20024,DC,2015-03,12
20024,DC,2015-04,16
20024,DC,2015-05,13
20024,DC,2015-06,282
20024,DC,2015-07,13
20024,DC,2015-08,10
20024,DC,2015-09,16
20024,DC,2015-10,18
20024,DC,2015-11,9
20024,DC,2015-12,8
20024,DC,2016-01,8
20024,DC,2016-02,9
20024,DC,2016-03,9
20024,DC,2016-04,12
20024,DC,2016-05,17
20024,DC,2016-06,8
20032,DC,2008-06,17
20032,DC,2008-07,21
20032,DC,2008-08,12
20032,DC,2008-09,13
20032,DC,2008-10,15
20032,DC,2008-11,5
20032,DC,2008-12,11
20032,DC,2009-01,6
20032,DC,2009-02,4
20032,DC,2009-03,9
20032,DC,2009-04,6
20032,DC,2009-05,10
20032,DC,2009-06,10
20032,DC,2009-07,8
20032,DC,2009-08,12
20032,DC,2009-09,10
20032,DC,2009-10,20
20032,DC,2009-11,17
20032,DC,2009-12,13
20032,DC,2010-01,14
20032,DC,2010-02,12
20032,DC,2010-03,12
20032,DC,2010-04,8
20032,DC,2010-05,17
20032,DC,2010-06,14
20032,DC,2010-07,12
20032,DC,2010-08,21
20032,DC,2010-09,6
20032,DC,2010-10,19
20032,DC,2010-11,12
20032,DC,2010-12,10
20032,DC,2011-01,25
20032,DC,2011-02,19
20032,DC,2011-03,14
20032,DC,2011-04,16
20032,DC,2011-05,11
20032,DC,2011-06,18
20032,DC,2011-07,6
20032,DC,2011-08,18
20032,DC,2011-09,19
20032,DC,2011-10,10
20032,DC,2011-11,7
20032,DC,2011-12,13
20032,DC,2012-01,11
20032,DC,2012-02,5
20032,DC,2012-03,4
20032,DC,2012-04,12
20032,DC,2012-05,6
20032,DC,2012-06,11
20032,DC,2012-07,8
20032,DC,2012-08,11
20032,DC,2012-09,3
20032,DC,2012-10,14
20032,DC,2012-11,3
20032,DC,2012-12,7
20032,DC,2013-01,13
20032,DC,2013-02,8
20032,DC,2013-03,11
20032,DC,2013-04,10
20032,DC,2013-05,3
20032,DC,2013-06,9
20032,DC,2013-07,20
20032,DC,2013-08,12
20032,DC,2013-09,9
20032,DC,2013-10,21
20032,DC,2013-11,9
20032,DC,2013-12,5
20032,DC,2014-01,9
20032,DC,2014-02,11
20032,DC,2014-03,8
20032,DC,2014-04,11
20032,DC,2014-05,12
20032,DC,2014-06,15
20032,DC,2014-07,8
20032,DC,2014-08,8
20032,DC,2014-09,6
20032,DC,2014-10,13
20032,DC,2014-11,5
20032,DC,2014-12,12
20032,DC,2015-01,8
20032,DC,2015-02,12
20032,DC,2015-03,14
20032,DC,2015-04,13
20032,DC,2015-05,13
20032,DC,2015-06,9
20032,DC,2015-07,14
20032,DC,2015-08,18
20032,DC,2015-09,11
20032,DC,2015-10,15
20032,DC,2015-11,6
20032,DC,2015-12,18
20032,DC,2016-01,14
20032,DC,2016-02,10
20032,DC,2016-03,11
20032,DC,2016-04,5
20032,DC,2016-05,12
20032,DC,2016-06,8
20036,DC,2008-06,14
20036,DC,2008-07,10
20036,DC,2008-08,12
20036,DC,2008-09,6
20036,DC,2008-10,3
20036,DC,2008-11,8
20036,DC,2008-12,4
20036,DC,2009-01,6
20036,DC,2009-02,3
20036,DC,2009-03,9
20036,DC,2009-04,3
20036,DC,2009-05,7
20036,DC,2009-06,8
20036,DC,2009-07,5
20036,DC,2009-08,11
20036,DC,2009-09,7
20036,DC,2009-10,13
20036,DC,2009-11,7
20036,DC,2009-12,15
20036,DC,2010-01,4
20036,DC,2010-02,6
20036,DC,2010-03,4
20036,DC,2010-04,8
20036,DC,2010-05,13
20036,DC,2010-06,15
20036,DC,2010-07,9
20036,DC,2010-08,5
20036,DC,2010-09,8
20036,DC,2010-10,6
20036,DC,2010-11,7
20036,DC,2010-12,4
20036,DC,2011-01,7
20036,DC,2011-02,6
20036,DC,2011-03,12
20036,DC,2011-04,10
20036,DC,2011-05,11
20036,DC,2011-06,6
20036,DC,2011-07,11
20036,DC,2011-08,9
20036,DC,2011-09,10
20036,DC,2011-10,10
20036,DC,2011-11,8
20036,DC,2011-12,9
20036,DC,2012-01,6
20036,DC,2012-02,7
20036,DC,2012-03,7
20036,DC,2012-04,5
20036,DC,2012-05,13
20036,DC,2012-06,12
20036,DC,2012-07,12
20036,DC,2012-08,17
20036,DC,2012-09,7
20036,DC,2012-10,12
20036,DC,2012-11,10
20036,DC,2012-12,10
20036,DC,2013-01,9
20036,DC,2013-02,5
20036,DC,2013-03,5
20036,DC,2013-04,12
20036,DC,2013-05,9
20036,DC,2013-06,14
20036,DC,2013-07,14
20036,DC,2013-08,14
20036,DC,2013-09,12
20036,DC,2013-10,9
20036,DC,2013-11,8
20036,DC,2013-12,8
20036,DC,2014-01,6
20036,DC,2014-02,2
20036,DC,2014-03,10
20036,DC,2014-04,9
20036,DC,2014-05,17
20036,DC,2014-06,16
20036,DC,2014-07,19
20036,DC,2014-08,10
20036,DC,2014-09,10
20036,DC,2014-10,13
20036,DC,2014-11,9
20036,DC,2014-12,8
20036,DC,2015-01,8
20036,DC,2015-02,8
20036,DC,2015-03,7
20036,DC,2015-04,11
20036,DC,2015-05,18
20036,DC,2015-06,13
20036,DC,2015-07,9
20036,DC,2015-08,12
20036,DC,2015-09,13
20036,DC,2015-10,6
20036,DC,2015-11,9
20036,DC,2015-12,19
20036,DC,2016-01,7
20036,DC,2016-02,6
20036,DC,2016-03,10
20036,DC,2016-04,12
20036,DC,2016-05,17
20036,DC,2016-06,7
20037,DC,2008-06,13
20037,DC,2008-07,25
20037,DC,2008-08,19
20037,DC,2008-09,20
20037,DC,2008-10,15
20037,DC,2008-11,27
20037,DC,2008-12,8
20037,DC,2009-01,6
20037,DC,2009-02,8
20037,DC,2009-03,7
20037,DC,2009-04,17
20037,DC,2009-05,16
20037,DC,2009-06,9
20037,DC,2009-07,14
20037,DC,2009-08,22
20037,DC,2009-09,13
20037,DC,2009-10,15
20037,DC,2009-11,12
20037,DC,2009-12,14
20037,DC,2010-01,14
20037,DC,2010-02,9
20037,DC,2010-03,12
20037,DC,2010-04,12
20037,DC,2010-05,12
20037,DC,2010-06,15
20037,DC,2010-07,10
20037,DC,2010-08,15
20037,DC,2010-09,14
20037,DC,2010-10,16
20037,DC,2010-11,17
20037,DC,2010-12,6
20037,DC,2011-01,10
20037,DC,2011-02,12
20037,DC,2011-03,13
20037,DC,2011-04,12
20037,DC,2011-05,16
20037,DC,2011-06,17
20037,DC,2011-07,14
20037,DC,2011-08,18
20037,DC,2011-09,14
20037,DC,2011-10,17
20037,DC,2011-11,10
20037,DC,2011-12,14
20037,DC,2012-01,7
20037,DC,2012-02,4
20037,DC,2012-03,8
20037,DC,2012-04,11
20037,DC,2012-05,12
20037,DC,2012-06,21
20037,DC,2012-07,16
20037,DC,2012-08,15
20037,DC,2012-09,20
20037,DC,2012-10,16
20037,DC,2012-11,14
20037,DC,2012-12,22
20037,DC,2013-01,14
20037,DC,2013-02,19
20037,DC,2013-03,15
20037,DC,2013-04,19
20037,DC,2013-05,15
20037,DC,2013-06,34
20037,DC,2013-07,28
20037,DC,2013-08,25
20037,DC,2013-09,13
20037,DC,2013-10,22
20037,DC,2013-11,16
20037,DC,2013-12,14
20037,DC,2014-01,36
20037,DC,2014-02,24
20037,DC,2014-03,6
20037,DC,2014-04,6
20037,DC,2014-05,17
20037,DC,2014-06,19
20037,DC,2014-07,25
20037,DC,2014-08,18
20037,DC,2014-09,13
20037,DC,2014-10,19
20037,DC,2014-11,12
20037,DC,2014-12,16
20037,DC,2015-01,13
20037,DC,2015-02,10
20037,DC,2015-03,7
20037,DC,2015-04,18
20037,DC,2015-05,21
20037,DC,2015-06,16
20037,DC,2015-07,21
20037,DC,2015-08,9
20037,DC,2015-09,12
20037,DC,2015-10,19
20037,DC,2015-11,14
20037,DC,2015-12,14
20037,DC,2016-01,7
20037,DC,2016-02,5
20037,DC,2016-03,13
20037,DC,2016-04,10
20037,DC,2016-05,203
20037,DC,2016-06,15
